@article{refa,
    author = {Ionut Danaila and Pascal Joly and Sidi Mahmoud Kaber and Marie Postel},
    title = {An Introduction to Scientific Computing},
    year = {2007}
}
@Misc{ref1,
 	howpublished = {\url{https://www.cc98.org/topic/5646949}},
 	note = {2023},
 	author = {PhilFan},
    	title = {数学软件学习记录楼},
}
@misc{zhihu,
  title = {deal.II有限元库step-3例程学习},
  author = {冷风},
  year = {2021},
  howpublished = {\url{https://zhuanlan.zhihu.com/p/554933661}},
  urldate = {2023-07-10}
}

