@article{ref1,
    author = {PhilFan},
    title = {数学软件学习记录楼},
    journal = {https://www.cc98.org/topic/5646949},
    year = {2023}
}
