@article{refa,
    author = {Ionut Danaila and Pascal Joly and Sidi Mahmoud Kaber and Marie Postel},
    title = {An Introduction to Scientific Computing},
    year = {2007}
}
