@article{ref1,
    author = {PhilFan},
    title = {数学软件学习记录楼},
    journal = {https://www.cc98.org/topic/5646949},
    year = {2023}
}
@misc{chinastor,
  title = {Linux Ubuntu Guide},
  author = {{Chinastor}},
  howpublished = {\url{https://www.chinastor.com/linux/ubuntu/052Q31342015.html}},
  year = {2015},
}
@misc{csdn-blog,
  title = {Linux经验分享},
  author = {TTTree},
  howpublished = {\url{https://blog.csdn.net/TTTree_/article/details/103925728}},
}
@misc{libpng-doc,
  title = {libpng Documentation},
  author = {{Die.net}},
  howpublished = {\url{https://linux.die.net/man/3/libpng}},
}
@misc{zhihu-article,
  title = {解决Linux错误指导},
  author = {{知乎专栏}},
  howpublished = {\url{https://zhuanlan.zhihu.com/p/592731889}},
}
